%YAML 1.1
%TAG !u! tag:unity3d.com,2011:
--- !u!29 &1
OcclusionCullingSettings:
  m_ObjectHideFlags: 0
  serializedVersion: 2
  m_OcclusionBakeSettings:
    smallestOccluder: 5
    smallestHole: 0.25
    backfaceThreshold: 100
  m_SceneGUID: 00000000000000000000000000000000
  m_OcclusionCullingData: {fileID: 0}
--- !u!104 &2
RenderSettings:
  m_ObjectHideFlags: 0
  serializedVersion: 9
  m_Fog: 0
  m_FogColor: {r: 0.5, g: 0.5, b: 0.5, a: 1}
  m_FogMode: 3
  m_FogDensity: 0.01
  m_LinearFogStart: 0
  m_LinearFogEnd: 300
  m_AmbientSkyColor: {r: 0.212, g: 0.227, b: 0.259, a: 1}
  m_AmbientEquatorColor: {r: 0.114, g: 0.125, b: 0.133, a: 1}
  m_AmbientGroundColor: {r: 0.047, g: 0.043, b: 0.035, a: 1}
  m_AmbientIntensity: 1
  m_AmbientMode: 3
  m_SubtractiveShadowColor: {r: 0.42, g: 0.478, b: 0.627, a: 1}
  m_SkyboxMaterial: {fileID: 0}
  m_HaloStrength: 0.5
  m_FlareStrength: 1
  m_FlareFadeSpeed: 3
  m_HaloTexture: {fileID: 0}
  m_SpotCookie: {fileID: 10001, guid: 0000000000000000e000000000000000, type: 0}
  m_DefaultReflectionMode: 0
  m_DefaultReflectionResolution: 128
  m_ReflectionBounces: 1
  m_ReflectionIntensity: 1
  m_CustomReflection: {fileID: 0}
  m_Sun: {fileID: 0}
  m_IndirectSpecularColor: {r: 0, g: 0, b: 0, a: 1}
  m_UseRadianceAmbientProbe: 0
--- !u!157 &3
LightmapSettings:
  m_ObjectHideFlags: 0
  serializedVersion: 12
  m_GIWorkflowMode: 1
  m_GISettings:
    serializedVersion: 2
    m_BounceScale: 1
    m_IndirectOutputScale: 1
    m_AlbedoBoost: 1
    m_EnvironmentLightingMode: 0
    m_EnableBakedLightmaps: 0
    m_EnableRealtimeLightmaps: 0
  m_LightmapEditorSettings:
    serializedVersion: 12
    m_Resolution: 2
    m_BakeResolution: 40
    m_AtlasSize: 1024
    m_AO: 0
    m_AOMaxDistance: 1
    m_CompAOExponent: 1
    m_CompAOExponentDirect: 0
    m_ExtractAmbientOcclusion: 0
    m_Padding: 2
    m_LightmapParameters: {fileID: 0}
    m_LightmapsBakeMode: 1
    m_TextureCompression: 1
    m_FinalGather: 0
    m_FinalGatherFiltering: 1
    m_FinalGatherRayCount: 256
    m_ReflectionCompression: 2
    m_MixedBakeMode: 2
    m_BakeBackend: 1
    m_PVRSampling: 1
    m_PVRDirectSampleCount: 32
    m_PVRSampleCount: 512
    m_PVRBounces: 2
    m_PVREnvironmentSampleCount: 256
    m_PVREnvironmentReferencePointCount: 2048
    m_PVRFilteringMode: 1
    m_PVRDenoiserTypeDirect: 1
    m_PVRDenoiserTypeIndirect: 1
    m_PVRDenoiserTypeAO: 1
    m_PVRFilterTypeDirect: 0
    m_PVRFilterTypeIndirect: 0
    m_PVRFilterTypeAO: 0
    m_PVREnvironmentMIS: 1
    m_PVRCulling: 1
    m_PVRFilteringGaussRadiusDirect: 1
    m_PVRFilteringGaussRadiusIndirect: 5
    m_PVRFilteringGaussRadiusAO: 2
    m_PVRFilteringAtrousPositionSigmaDirect: 0.5
    m_PVRFilteringAtrousPositionSigmaIndirect: 2
    m_PVRFilteringAtrousPositionSigmaAO: 1
    m_ExportTrainingData: 0
    m_TrainingDataDestination: TrainingData
    m_LightProbeSampleCountMultiplier: 4
  m_LightingDataAsset: {fileID: 0}
  m_LightingSettings: {fileID: 0}
--- !u!196 &4
NavMeshSettings:
  serializedVersion: 2
  m_ObjectHideFlags: 0
  m_BuildSettings:
    serializedVersion: 2
    agentTypeID: 0
    agentRadius: 0.5
    agentHeight: 2
    agentSlope: 45
    agentClimb: 0.4
    ledgeDropHeight: 0
    maxJumpAcrossDistance: 0
    minRegionArea: 2
    manualCellSize: 0
    cellSize: 0.16666667
    manualTileSize: 0
    tileSize: 256
    accuratePlacement: 0
    maxJobWorkers: 0
    preserveTilesOutsideBounds: 0
    debug:
      m_Flags: 0
  m_NavMeshData: {fileID: 0}
--- !u!1 &71397614
GameObject:
  m_ObjectHideFlags: 0
  m_CorrespondingSourceObject: {fileID: 0}
  m_PrefabInstance: {fileID: 0}
  m_PrefabAsset: {fileID: 0}
  serializedVersion: 6
  m_Component:
  - component: {fileID: 71397616}
  - component: {fileID: 71397615}
  m_Layer: 0
  m_Name: PlatformPool
  m_TagString: Untagged
  m_Icon: {fileID: 0}
  m_NavMeshLayer: 0
  m_StaticEditorFlags: 0
  m_IsActive: 1
--- !u!114 &71397615
MonoBehaviour:
  m_ObjectHideFlags: 0
  m_CorrespondingSourceObject: {fileID: 0}
  m_PrefabInstance: {fileID: 0}
  m_PrefabAsset: {fileID: 0}
  m_GameObject: {fileID: 71397614}
  m_Enabled: 1
  m_EditorHideFlags: 0
  m_Script: {fileID: 11500000, guid: 58e0957a7f1359040a284bbf5cb594e0, type: 3}
  m_Name: 
  m_EditorClassIdentifier: 
  poolSize: 20
  ObjectPrefab: {fileID: 8059803862485778307, guid: f2db9b20f1c71cc43891bfa6cd0f9b67, type: 3}
--- !u!4 &71397616
Transform:
  m_ObjectHideFlags: 0
  m_CorrespondingSourceObject: {fileID: 0}
  m_PrefabInstance: {fileID: 0}
  m_PrefabAsset: {fileID: 0}
  m_GameObject: {fileID: 71397614}
  m_LocalRotation: {x: 0, y: 0, z: 0, w: 1}
  m_LocalPosition: {x: 1.27, y: -1.1, z: 0}
  m_LocalScale: {x: 1, y: 1, z: 1}
  m_Children: []
  m_Father: {fileID: 0}
  m_RootOrder: 2
  m_LocalEulerAnglesHint: {x: 0, y: 0, z: 0}
--- !u!1001 &100122264
PrefabInstance:
  m_ObjectHideFlags: 0
  serializedVersion: 2
  m_Modification:
    m_TransformParent: {fileID: 0}
    m_Modifications:
    - target: {fileID: 7088664586540943672, guid: 6a2319389eafc0b4484b4c6a58ddb986, type: 3}
      propertyPath: m_RootOrder
      value: 1
      objectReference: {fileID: 0}
    - target: {fileID: 7088664586540943672, guid: 6a2319389eafc0b4484b4c6a58ddb986, type: 3}
      propertyPath: m_LocalPosition.x
      value: 0
      objectReference: {fileID: 0}
    - target: {fileID: 7088664586540943672, guid: 6a2319389eafc0b4484b4c6a58ddb986, type: 3}
      propertyPath: m_LocalPosition.y
      value: 0
      objectReference: {fileID: 0}
    - target: {fileID: 7088664586540943672, guid: 6a2319389eafc0b4484b4c6a58ddb986, type: 3}
      propertyPath: m_LocalPosition.z
      value: 0
      objectReference: {fileID: 0}
    - target: {fileID: 7088664586540943672, guid: 6a2319389eafc0b4484b4c6a58ddb986, type: 3}
      propertyPath: m_LocalRotation.w
      value: 1
      objectReference: {fileID: 0}
    - target: {fileID: 7088664586540943672, guid: 6a2319389eafc0b4484b4c6a58ddb986, type: 3}
      propertyPath: m_LocalRotation.x
      value: 0
      objectReference: {fileID: 0}
    - target: {fileID: 7088664586540943672, guid: 6a2319389eafc0b4484b4c6a58ddb986, type: 3}
      propertyPath: m_LocalRotation.y
      value: 0
      objectReference: {fileID: 0}
    - target: {fileID: 7088664586540943672, guid: 6a2319389eafc0b4484b4c6a58ddb986, type: 3}
      propertyPath: m_LocalRotation.z
      value: 0
      objectReference: {fileID: 0}
    - target: {fileID: 7088664586540943672, guid: 6a2319389eafc0b4484b4c6a58ddb986, type: 3}
      propertyPath: m_LocalEulerAnglesHint.x
      value: 0
      objectReference: {fileID: 0}
    - target: {fileID: 7088664586540943672, guid: 6a2319389eafc0b4484b4c6a58ddb986, type: 3}
      propertyPath: m_LocalEulerAnglesHint.y
      value: 0
      objectReference: {fileID: 0}
    - target: {fileID: 7088664586540943672, guid: 6a2319389eafc0b4484b4c6a58ddb986, type: 3}
      propertyPath: m_LocalEulerAnglesHint.z
      value: 0
      objectReference: {fileID: 0}
    - target: {fileID: 7088664586540943674, guid: 6a2319389eafc0b4484b4c6a58ddb986, type: 3}
      propertyPath: m_Name
      value: GameManager
      objectReference: {fileID: 0}
    m_RemovedComponents: []
  m_SourcePrefab: {fileID: 100100000, guid: 6a2319389eafc0b4484b4c6a58ddb986, type: 3}
--- !u!1 &194155549
GameObject:
  m_ObjectHideFlags: 0
  m_CorrespondingSourceObject: {fileID: 0}
  m_PrefabInstance: {fileID: 0}
  m_PrefabAsset: {fileID: 0}
  serializedVersion: 6
  m_Component:
  - component: {fileID: 194155550}
  m_Layer: 0
  m_Name: LevelGeneratorStart
  m_TagString: Untagged
  m_Icon: {fileID: 0}
  m_NavMeshLayer: 0
  m_StaticEditorFlags: 0
  m_IsActive: 1
--- !u!4 &194155550
Transform:
  m_ObjectHideFlags: 0
  m_CorrespondingSourceObject: {fileID: 0}
  m_PrefabInstance: {fileID: 0}
  m_PrefabAsset: {fileID: 0}
  m_GameObject: {fileID: 194155549}
  m_LocalRotation: {x: -0, y: -0, z: -0, w: 1}
  m_LocalPosition: {x: 0, y: 10.65, z: 0}
  m_LocalScale: {x: 1, y: 1, z: 1}
  m_Children: []
  m_Father: {fileID: 1750611097}
  m_RootOrder: 2
  m_LocalEulerAnglesHint: {x: 0, y: 0, z: 0}
--- !u!1001 &347287674
PrefabInstance:
  m_ObjectHideFlags: 0
  serializedVersion: 2
  m_Modification:
    m_TransformParent: {fileID: 1429763177}
    m_Modifications:
    - target: {fileID: 8059803862485778307, guid: f2db9b20f1c71cc43891bfa6cd0f9b67, type: 3}
      propertyPath: m_Name
      value: StartPlatform
      objectReference: {fileID: 0}
    - target: {fileID: 8059803862485778360, guid: f2db9b20f1c71cc43891bfa6cd0f9b67, type: 3}
      propertyPath: fallTimer
      value: 10
      objectReference: {fileID: 0}
    - target: {fileID: 8059803862485778366, guid: f2db9b20f1c71cc43891bfa6cd0f9b67, type: 3}
      propertyPath: m_RootOrder
      value: 3
      objectReference: {fileID: 0}
    - target: {fileID: 8059803862485778366, guid: f2db9b20f1c71cc43891bfa6cd0f9b67, type: 3}
      propertyPath: m_LocalScale.x
      value: 12.22525
      objectReference: {fileID: 0}
    - target: {fileID: 8059803862485778366, guid: f2db9b20f1c71cc43891bfa6cd0f9b67, type: 3}
      propertyPath: m_LocalScale.y
      value: 1
      objectReference: {fileID: 0}
    - target: {fileID: 8059803862485778366, guid: f2db9b20f1c71cc43891bfa6cd0f9b67, type: 3}
      propertyPath: m_LocalPosition.x
      value: 0.18
      objectReference: {fileID: 0}
    - target: {fileID: 8059803862485778366, guid: f2db9b20f1c71cc43891bfa6cd0f9b67, type: 3}
      propertyPath: m_LocalPosition.y
      value: -9.49
      objectReference: {fileID: 0}
    - target: {fileID: 8059803862485778366, guid: f2db9b20f1c71cc43891bfa6cd0f9b67, type: 3}
      propertyPath: m_LocalPosition.z
      value: 0
      objectReference: {fileID: 0}
    - target: {fileID: 8059803862485778366, guid: f2db9b20f1c71cc43891bfa6cd0f9b67, type: 3}
      propertyPath: m_LocalRotation.w
      value: 1
      objectReference: {fileID: 0}
    - target: {fileID: 8059803862485778366, guid: f2db9b20f1c71cc43891bfa6cd0f9b67, type: 3}
      propertyPath: m_LocalRotation.x
      value: -0
      objectReference: {fileID: 0}
    - target: {fileID: 8059803862485778366, guid: f2db9b20f1c71cc43891bfa6cd0f9b67, type: 3}
      propertyPath: m_LocalRotation.y
      value: -0
      objectReference: {fileID: 0}
    - target: {fileID: 8059803862485778366, guid: f2db9b20f1c71cc43891bfa6cd0f9b67, type: 3}
      propertyPath: m_LocalRotation.z
      value: -0
      objectReference: {fileID: 0}
    - target: {fileID: 8059803862485778366, guid: f2db9b20f1c71cc43891bfa6cd0f9b67, type: 3}
      propertyPath: m_LocalEulerAnglesHint.x
      value: 0
      objectReference: {fileID: 0}
    - target: {fileID: 8059803862485778366, guid: f2db9b20f1c71cc43891bfa6cd0f9b67, type: 3}
      propertyPath: m_LocalEulerAnglesHint.y
      value: 0
      objectReference: {fileID: 0}
    - target: {fileID: 8059803862485778366, guid: f2db9b20f1c71cc43891bfa6cd0f9b67, type: 3}
      propertyPath: m_LocalEulerAnglesHint.z
      value: 0
      objectReference: {fileID: 0}
    m_RemovedComponents: []
  m_SourcePrefab: {fileID: 100100000, guid: f2db9b20f1c71cc43891bfa6cd0f9b67, type: 3}
--- !u!4 &347287675 stripped
Transform:
  m_CorrespondingSourceObject: {fileID: 8059803862485778366, guid: f2db9b20f1c71cc43891bfa6cd0f9b67, type: 3}
  m_PrefabInstance: {fileID: 347287674}
  m_PrefabAsset: {fileID: 0}
--- !u!1 &362418992
GameObject:
  m_ObjectHideFlags: 0
  m_CorrespondingSourceObject: {fileID: 0}
  m_PrefabInstance: {fileID: 0}
  m_PrefabAsset: {fileID: 0}
  serializedVersion: 6
  m_Component:
  - component: {fileID: 362418993}
  - component: {fileID: 362418995}
  - component: {fileID: 362418994}
  m_Layer: 0
  m_Name: 'Clouds '
  m_TagString: Untagged
  m_Icon: {fileID: 0}
  m_NavMeshLayer: 0
  m_StaticEditorFlags: 0
  m_IsActive: 1
--- !u!4 &362418993
Transform:
  m_ObjectHideFlags: 0
  m_CorrespondingSourceObject: {fileID: 0}
  m_PrefabInstance: {fileID: 0}
  m_PrefabAsset: {fileID: 0}
  m_GameObject: {fileID: 362418992}
  m_LocalRotation: {x: -0, y: -0, z: -0, w: 1}
  m_LocalPosition: {x: 0.000080416095, y: 0.041, z: -1.76}
  m_LocalScale: {x: 0.00804169, y: 0.229892, z: 1}
  m_Children: []
  m_Father: {fileID: 1005290849}
  m_RootOrder: 0
  m_LocalEulerAnglesHint: {x: 0, y: 0, z: 0}
--- !u!114 &362418994
MonoBehaviour:
  m_ObjectHideFlags: 0
  m_CorrespondingSourceObject: {fileID: 0}
  m_PrefabInstance: {fileID: 0}
  m_PrefabAsset: {fileID: 0}
  m_GameObject: {fileID: 362418992}
  m_Enabled: 1
  m_EditorHideFlags: 0
  m_Script: {fileID: 11500000, guid: e3ecbe11e85475647b4814609206f22e, type: 3}
  m_Name: 
  m_EditorClassIdentifier: 
  parallaxEffectMultiplier: {x: 0, y: -0.5}
  infiniteHorizontal: 0
  infiniteVertical: 1
--- !u!212 &362418995
SpriteRenderer:
  m_ObjectHideFlags: 0
  m_CorrespondingSourceObject: {fileID: 0}
  m_PrefabInstance: {fileID: 0}
  m_PrefabAsset: {fileID: 0}
  m_GameObject: {fileID: 362418992}
  m_Enabled: 1
  m_CastShadows: 0
  m_ReceiveShadows: 0
  m_DynamicOccludee: 1
  m_MotionVectors: 1
  m_LightProbeUsage: 1
  m_ReflectionProbeUsage: 1
  m_RayTracingMode: 0
  m_RayTraceProcedural: 0
  m_RenderingLayerMask: 1
  m_RendererPriority: 0
  m_Materials:
  - {fileID: 10754, guid: 0000000000000000f000000000000000, type: 0}
  m_StaticBatchInfo:
    firstSubMesh: 0
    subMeshCount: 0
  m_StaticBatchRoot: {fileID: 0}
  m_ProbeAnchor: {fileID: 0}
  m_LightProbeVolumeOverride: {fileID: 0}
  m_ScaleInLightmap: 1
  m_ReceiveGI: 1
  m_PreserveUVs: 0
  m_IgnoreNormalsForChartDetection: 0
  m_ImportantGI: 0
  m_StitchLightmapSeams: 1
  m_SelectedEditorRenderState: 0
  m_MinimumChartSize: 4
  m_AutoUVMaxDistance: 0.5
  m_AutoUVMaxAngle: 89
  m_LightmapParameters: {fileID: 0}
  m_SortingLayerID: 0
  m_SortingLayer: 0
  m_SortingOrder: -10
  m_Sprite: {fileID: 21300000, guid: 93463b9c6e9f4844ea178ed42a10019a, type: 3}
  m_Color: {r: 1, g: 1, b: 1, a: 1}
  m_FlipX: 0
  m_FlipY: 0
  m_DrawMode: 2
  m_Size: {x: 11.252227, y: 70.437775}
  m_AdaptiveModeThreshold: 0.5
  m_SpriteTileMode: 0
  m_WasSpriteAssigned: 1
  m_MaskInteraction: 0
  m_SpriteSortPoint: 0
--- !u!1 &580709019
GameObject:
  m_ObjectHideFlags: 0
  m_CorrespondingSourceObject: {fileID: 0}
  m_PrefabInstance: {fileID: 0}
  m_PrefabAsset: {fileID: 0}
  serializedVersion: 6
  m_Component:
  - component: {fileID: 580709021}
  - component: {fileID: 580709020}
  m_Layer: 0
  m_Name: CoinPool
  m_TagString: Untagged
  m_Icon: {fileID: 0}
  m_NavMeshLayer: 0
  m_StaticEditorFlags: 0
  m_IsActive: 1
--- !u!114 &580709020
MonoBehaviour:
  m_ObjectHideFlags: 0
  m_CorrespondingSourceObject: {fileID: 0}
  m_PrefabInstance: {fileID: 0}
  m_PrefabAsset: {fileID: 0}
  m_GameObject: {fileID: 580709019}
  m_Enabled: 1
  m_EditorHideFlags: 0
  m_Script: {fileID: 11500000, guid: 58e0957a7f1359040a284bbf5cb594e0, type: 3}
  m_Name: 
  m_EditorClassIdentifier: 
  poolSize: 20
  ObjectPrefab: {fileID: 2443272528750201693, guid: c4b34a7759f75a94ebd1d8a8372490fc, type: 3}
--- !u!4 &580709021
Transform:
  m_ObjectHideFlags: 0
  m_CorrespondingSourceObject: {fileID: 0}
  m_PrefabInstance: {fileID: 0}
  m_PrefabAsset: {fileID: 0}
  m_GameObject: {fileID: 580709019}
  m_LocalRotation: {x: 0, y: 0, z: 0, w: 1}
  m_LocalPosition: {x: 1.27, y: -1.1, z: 0}
  m_LocalScale: {x: 1, y: 1, z: 1}
  m_Children: []
  m_Father: {fileID: 0}
  m_RootOrder: 3
  m_LocalEulerAnglesHint: {x: 0, y: 0, z: 0}
--- !u!1001 &585773080
PrefabInstance:
  m_ObjectHideFlags: 0
  serializedVersion: 2
  m_Modification:
    m_TransformParent: {fileID: 0}
    m_Modifications:
    - target: {fileID: 4957591764864637840, guid: bc0e29d7b74a53343a248bf686c6e294, type: 3}
      propertyPath: m_Name
      value: Music Player
      objectReference: {fileID: 0}
    - target: {fileID: 4957591764864637841, guid: bc0e29d7b74a53343a248bf686c6e294, type: 3}
      propertyPath: m_Volume
      value: 0.25
      objectReference: {fileID: 0}
    - target: {fileID: 4957591764864637841, guid: bc0e29d7b74a53343a248bf686c6e294, type: 3}
      propertyPath: m_audioClip
      value: 
      objectReference: {fileID: 8300000, guid: fdbf34ed287d6f145a77a5b0e2f8925b, type: 3}
    - target: {fileID: 4957591764864637842, guid: bc0e29d7b74a53343a248bf686c6e294, type: 3}
      propertyPath: m_RootOrder
      value: 6
      objectReference: {fileID: 0}
    - target: {fileID: 4957591764864637842, guid: bc0e29d7b74a53343a248bf686c6e294, type: 3}
      propertyPath: m_LocalPosition.x
      value: -4.9071183
      objectReference: {fileID: 0}
    - target: {fileID: 4957591764864637842, guid: bc0e29d7b74a53343a248bf686c6e294, type: 3}
      propertyPath: m_LocalPosition.y
      value: 3.555861
      objectReference: {fileID: 0}
    - target: {fileID: 4957591764864637842, guid: bc0e29d7b74a53343a248bf686c6e294, type: 3}
      propertyPath: m_LocalPosition.z
      value: -32.05728
      objectReference: {fileID: 0}
    - target: {fileID: 4957591764864637842, guid: bc0e29d7b74a53343a248bf686c6e294, type: 3}
      propertyPath: m_LocalRotation.w
      value: 1
      objectReference: {fileID: 0}
    - target: {fileID: 4957591764864637842, guid: bc0e29d7b74a53343a248bf686c6e294, type: 3}
      propertyPath: m_LocalRotation.x
      value: 0
      objectReference: {fileID: 0}
    - target: {fileID: 4957591764864637842, guid: bc0e29d7b74a53343a248bf686c6e294, type: 3}
      propertyPath: m_LocalRotation.y
      value: 0
      objectReference: {fileID: 0}
    - target: {fileID: 4957591764864637842, guid: bc0e29d7b74a53343a248bf686c6e294, type: 3}
      propertyPath: m_LocalRotation.z
      value: 0
      objectReference: {fileID: 0}
    - target: {fileID: 4957591764864637842, guid: bc0e29d7b74a53343a248bf686c6e294, type: 3}
      propertyPath: m_LocalEulerAnglesHint.x
      value: 0
      objectReference: {fileID: 0}
    - target: {fileID: 4957591764864637842, guid: bc0e29d7b74a53343a248bf686c6e294, type: 3}
      propertyPath: m_LocalEulerAnglesHint.y
      value: 0
      objectReference: {fileID: 0}
    - target: {fileID: 4957591764864637842, guid: bc0e29d7b74a53343a248bf686c6e294, type: 3}
      propertyPath: m_LocalEulerAnglesHint.z
      value: 0
      objectReference: {fileID: 0}
    m_RemovedComponents: []
  m_SourcePrefab: {fileID: 100100000, guid: bc0e29d7b74a53343a248bf686c6e294, type: 3}
--- !u!1001 &702712812
PrefabInstance:
  m_ObjectHideFlags: 0
  serializedVersion: 2
  m_Modification:
    m_TransformParent: {fileID: 1429763177}
    m_Modifications:
    - target: {fileID: 8059803862485778307, guid: f2db9b20f1c71cc43891bfa6cd0f9b67, type: 3}
      propertyPath: m_Name
      value: StartPlatform (2)
      objectReference: {fileID: 0}
    - target: {fileID: 8059803862485778360, guid: f2db9b20f1c71cc43891bfa6cd0f9b67, type: 3}
      propertyPath: fallTimer
      value: 10
      objectReference: {fileID: 0}
    - target: {fileID: 8059803862485778366, guid: f2db9b20f1c71cc43891bfa6cd0f9b67, type: 3}
      propertyPath: m_RootOrder
      value: 1
      objectReference: {fileID: 0}
    - target: {fileID: 8059803862485778366, guid: f2db9b20f1c71cc43891bfa6cd0f9b67, type: 3}
      propertyPath: m_LocalScale.x
      value: 4.4619718
      objectReference: {fileID: 0}
    - target: {fileID: 8059803862485778366, guid: f2db9b20f1c71cc43891bfa6cd0f9b67, type: 3}
      propertyPath: m_LocalScale.y
      value: 1
      objectReference: {fileID: 0}
    - target: {fileID: 8059803862485778366, guid: f2db9b20f1c71cc43891bfa6cd0f9b67, type: 3}
      propertyPath: m_LocalPosition.x
      value: 0.18
      objectReference: {fileID: 0}
    - target: {fileID: 8059803862485778366, guid: f2db9b20f1c71cc43891bfa6cd0f9b67, type: 3}
      propertyPath: m_LocalPosition.y
      value: 3.23
      objectReference: {fileID: 0}
    - target: {fileID: 8059803862485778366, guid: f2db9b20f1c71cc43891bfa6cd0f9b67, type: 3}
      propertyPath: m_LocalPosition.z
      value: 0
      objectReference: {fileID: 0}
    - target: {fileID: 8059803862485778366, guid: f2db9b20f1c71cc43891bfa6cd0f9b67, type: 3}
      propertyPath: m_LocalRotation.w
      value: 1
      objectReference: {fileID: 0}
    - target: {fileID: 8059803862485778366, guid: f2db9b20f1c71cc43891bfa6cd0f9b67, type: 3}
      propertyPath: m_LocalRotation.x
      value: -0
      objectReference: {fileID: 0}
    - target: {fileID: 8059803862485778366, guid: f2db9b20f1c71cc43891bfa6cd0f9b67, type: 3}
      propertyPath: m_LocalRotation.y
      value: -0
      objectReference: {fileID: 0}
    - target: {fileID: 8059803862485778366, guid: f2db9b20f1c71cc43891bfa6cd0f9b67, type: 3}
      propertyPath: m_LocalRotation.z
      value: -0
      objectReference: {fileID: 0}
    - target: {fileID: 8059803862485778366, guid: f2db9b20f1c71cc43891bfa6cd0f9b67, type: 3}
      propertyPath: m_LocalEulerAnglesHint.x
      value: 0
      objectReference: {fileID: 0}
    - target: {fileID: 8059803862485778366, guid: f2db9b20f1c71cc43891bfa6cd0f9b67, type: 3}
      propertyPath: m_LocalEulerAnglesHint.y
      value: 0
      objectReference: {fileID: 0}
    - target: {fileID: 8059803862485778366, guid: f2db9b20f1c71cc43891bfa6cd0f9b67, type: 3}
      propertyPath: m_LocalEulerAnglesHint.z
      value: 0
      objectReference: {fileID: 0}
    m_RemovedComponents: []
  m_SourcePrefab: {fileID: 100100000, guid: f2db9b20f1c71cc43891bfa6cd0f9b67, type: 3}
--- !u!4 &702712813 stripped
Transform:
  m_CorrespondingSourceObject: {fileID: 8059803862485778366, guid: f2db9b20f1c71cc43891bfa6cd0f9b67, type: 3}
  m_PrefabInstance: {fileID: 702712812}
  m_PrefabAsset: {fileID: 0}
--- !u!1 &1005290848
GameObject:
  m_ObjectHideFlags: 0
  m_CorrespondingSourceObject: {fileID: 0}
  m_PrefabInstance: {fileID: 0}
  m_PrefabAsset: {fileID: 0}
  serializedVersion: 6
  m_Component:
  - component: {fileID: 1005290849}
  - component: {fileID: 1005290850}
  - component: {fileID: 1005290851}
  m_Layer: 0
  m_Name: BackgroundImage
  m_TagString: Untagged
  m_Icon: {fileID: 0}
  m_NavMeshLayer: 0
  m_StaticEditorFlags: 0
  m_IsActive: 1
--- !u!4 &1005290849
Transform:
  m_ObjectHideFlags: 0
  m_CorrespondingSourceObject: {fileID: 0}
  m_PrefabInstance: {fileID: 0}
  m_PrefabAsset: {fileID: 0}
  m_GameObject: {fileID: 1005290848}
  m_LocalRotation: {x: -0, y: -0, z: -0, w: 1}
  m_LocalPosition: {x: -0.01, y: 0.06, z: 1.76}
  m_LocalScale: {x: 141.17503, y: 4.349869, z: 1}
  m_Children:
  - {fileID: 362418993}
  m_Father: {fileID: 1750611097}
  m_RootOrder: 3
  m_LocalEulerAnglesHint: {x: 0, y: 0, z: 0}
--- !u!212 &1005290850
SpriteRenderer:
  m_ObjectHideFlags: 0
  m_CorrespondingSourceObject: {fileID: 0}
  m_PrefabInstance: {fileID: 0}
  m_PrefabAsset: {fileID: 0}
  m_GameObject: {fileID: 1005290848}
  m_Enabled: 1
  m_CastShadows: 0
  m_ReceiveShadows: 0
  m_DynamicOccludee: 1
  m_MotionVectors: 1
  m_LightProbeUsage: 1
  m_ReflectionProbeUsage: 1
  m_RayTracingMode: 0
  m_RayTraceProcedural: 0
  m_RenderingLayerMask: 1
  m_RendererPriority: 0
  m_Materials:
  - {fileID: 10754, guid: 0000000000000000f000000000000000, type: 0}
  m_StaticBatchInfo:
    firstSubMesh: 0
    subMeshCount: 0
  m_StaticBatchRoot: {fileID: 0}
  m_ProbeAnchor: {fileID: 0}
  m_LightProbeVolumeOverride: {fileID: 0}
  m_ScaleInLightmap: 1
  m_ReceiveGI: 1
  m_PreserveUVs: 0
  m_IgnoreNormalsForChartDetection: 0
  m_ImportantGI: 0
  m_StitchLightmapSeams: 1
  m_SelectedEditorRenderState: 0
  m_MinimumChartSize: 4
  m_AutoUVMaxDistance: 0.5
  m_AutoUVMaxAngle: 89
  m_LightmapParameters: {fileID: 0}
  m_SortingLayerID: 0
  m_SortingLayer: 0
  m_SortingOrder: -10
  m_Sprite: {fileID: 21300000, guid: 1267eefc4be8956408190a7f5f34c2d0, type: 3}
  m_Color: {r: 1, g: 1, b: 1, a: 1}
  m_FlipX: 0
  m_FlipY: 0
  m_DrawMode: 0
  m_Size: {x: 1, y: 1}
  m_AdaptiveModeThreshold: 0.5
  m_SpriteTileMode: 0
  m_WasSpriteAssigned: 1
  m_MaskInteraction: 0
  m_SpriteSortPoint: 0
--- !u!114 &1005290851
MonoBehaviour:
  m_ObjectHideFlags: 0
  m_CorrespondingSourceObject: {fileID: 0}
  m_PrefabInstance: {fileID: 0}
  m_PrefabAsset: {fileID: 0}
  m_GameObject: {fileID: 1005290848}
  m_Enabled: 1
  m_EditorHideFlags: 0
  m_Script: {fileID: 11500000, guid: fd3a94532e7409e498036b64ca3b5d30, type: 3}
  m_Name: 
  m_EditorClassIdentifier: 
  speed: 0.5
--- !u!1 &1173325717
GameObject:
  m_ObjectHideFlags: 0
  m_CorrespondingSourceObject: {fileID: 0}
  m_PrefabInstance: {fileID: 0}
  m_PrefabAsset: {fileID: 0}
  serializedVersion: 6
  m_Component:
  - component: {fileID: 1173325723}
  - component: {fileID: 1173325722}
  - component: {fileID: 1173325721}
  - component: {fileID: 1173325720}
  - component: {fileID: 1173325719}
  - component: {fileID: 1173325718}
  m_Layer: 0
  m_Name: Water
  m_TagString: Untagged
  m_Icon: {fileID: 0}
  m_NavMeshLayer: 0
  m_StaticEditorFlags: 0
  m_IsActive: 1
--- !u!114 &1173325718
MonoBehaviour:
  m_ObjectHideFlags: 0
  m_CorrespondingSourceObject: {fileID: 0}
  m_PrefabInstance: {fileID: 0}
  m_PrefabAsset: {fileID: 0}
  m_GameObject: {fileID: 1173325717}
  m_Enabled: 1
  m_EditorHideFlags: 0
  m_Script: {fileID: 11500000, guid: 76151727050c6a3418787000a9aa588e, type: 3}
  m_Name: 
  m_EditorClassIdentifier: 
--- !u!61 &1173325719
BoxCollider2D:
  m_ObjectHideFlags: 0
  m_CorrespondingSourceObject: {fileID: 0}
  m_PrefabInstance: {fileID: 0}
  m_PrefabAsset: {fileID: 0}
  m_GameObject: {fileID: 1173325717}
  m_Enabled: 1
  m_Density: 1
  m_Material: {fileID: 0}
  m_IsTrigger: 1
  m_UsedByEffector: 0
  m_UsedByComposite: 0
  m_Offset: {x: 0, y: -0.2126584}
  m_SpriteTilingProperty:
    border: {x: 0, y: 0, z: 0, w: 0}
    pivot: {x: 0.5, y: 0.5}
    oldSize: {x: 2.56, y: 2.56}
    newSize: {x: 1, y: 1}
    adaptiveTilingThreshold: 0.5
    drawMode: 0
    adaptiveTiling: 0
  m_AutoTiling: 0
  serializedVersion: 2
  m_Size: {x: 2.56, y: 2.1346831}
  m_EdgeRadius: 0
--- !u!114 &1173325720
MonoBehaviour:
  m_ObjectHideFlags: 0
  m_CorrespondingSourceObject: {fileID: 0}
  m_PrefabInstance: {fileID: 0}
  m_PrefabAsset: {fileID: 0}
  m_GameObject: {fileID: 1173325717}
  m_Enabled: 1
  m_EditorHideFlags: 0
  m_Script: {fileID: 11500000, guid: 9c5b9e4942f46854caed34fece8eaeac, type: 3}
  m_Name: 
  m_EditorClassIdentifier: 
  risingSpeed: 1.49
  player: {fileID: 1641509580}
--- !u!95 &1173325721
Animator:
  serializedVersion: 3
  m_ObjectHideFlags: 0
  m_CorrespondingSourceObject: {fileID: 0}
  m_PrefabInstance: {fileID: 0}
  m_PrefabAsset: {fileID: 0}
  m_GameObject: {fileID: 1173325717}
  m_Enabled: 1
  m_Avatar: {fileID: 0}
  m_Controller: {fileID: 9100000, guid: c68f077084e543145a488adc819f3777, type: 2}
  m_CullingMode: 0
  m_UpdateMode: 0
  m_ApplyRootMotion: 0
  m_LinearVelocityBlending: 0
  m_WarningMessage: 
  m_HasTransformHierarchy: 1
  m_AllowConstantClipSamplingOptimization: 1
  m_KeepAnimatorControllerStateOnDisable: 0
--- !u!212 &1173325722
SpriteRenderer:
  m_ObjectHideFlags: 0
  m_CorrespondingSourceObject: {fileID: 0}
  m_PrefabInstance: {fileID: 0}
  m_PrefabAsset: {fileID: 0}
  m_GameObject: {fileID: 1173325717}
  m_Enabled: 1
  m_CastShadows: 0
  m_ReceiveShadows: 0
  m_DynamicOccludee: 1
  m_MotionVectors: 1
  m_LightProbeUsage: 1
  m_ReflectionProbeUsage: 1
  m_RayTracingMode: 0
  m_RayTraceProcedural: 0
  m_RenderingLayerMask: 1
  m_RendererPriority: 0
  m_Materials:
  - {fileID: 10754, guid: 0000000000000000f000000000000000, type: 0}
  m_StaticBatchInfo:
    firstSubMesh: 0
    subMeshCount: 0
  m_StaticBatchRoot: {fileID: 0}
  m_ProbeAnchor: {fileID: 0}
  m_LightProbeVolumeOverride: {fileID: 0}
  m_ScaleInLightmap: 1
  m_ReceiveGI: 1
  m_PreserveUVs: 0
  m_IgnoreNormalsForChartDetection: 0
  m_ImportantGI: 0
  m_StitchLightmapSeams: 1
  m_SelectedEditorRenderState: 0
  m_MinimumChartSize: 4
  m_AutoUVMaxDistance: 0.5
  m_AutoUVMaxAngle: 89
  m_LightmapParameters: {fileID: 0}
  m_SortingLayerID: 0
  m_SortingLayer: 0
  m_SortingOrder: 0
  m_Sprite: {fileID: 21300000, guid: cb1e2fe69911bb14995196d879e91b46, type: 3}
  m_Color: {r: 1, g: 1, b: 1, a: 1}
  m_FlipX: 0
  m_FlipY: 0
  m_DrawMode: 0
  m_Size: {x: 1, y: 1}
  m_AdaptiveModeThreshold: 0.5
  m_SpriteTileMode: 0
  m_WasSpriteAssigned: 1
  m_MaskInteraction: 0
  m_SpriteSortPoint: 0
--- !u!4 &1173325723
Transform:
  m_ObjectHideFlags: 0
  m_CorrespondingSourceObject: {fileID: 0}
  m_PrefabInstance: {fileID: 0}
  m_PrefabAsset: {fileID: 0}
  m_GameObject: {fileID: 1173325717}
  m_LocalRotation: {x: 0, y: 0, z: 0, w: 1}
  m_LocalPosition: {x: -0.07, y: -18.44, z: -0.56}
  m_LocalScale: {x: 6.561134, y: 6.5509, z: 1}
  m_Children: []
  m_Father: {fileID: 0}
  m_RootOrder: 5
  m_LocalEulerAnglesHint: {x: 0, y: 0, z: 0}
--- !u!1 &1429763176
GameObject:
  m_ObjectHideFlags: 0
  m_CorrespondingSourceObject: {fileID: 0}
  m_PrefabInstance: {fileID: 0}
  m_PrefabAsset: {fileID: 0}
  serializedVersion: 6
  m_Component:
  - component: {fileID: 1429763177}
  m_Layer: 0
  m_Name: Platforms
  m_TagString: Untagged
  m_Icon: {fileID: 0}
  m_NavMeshLayer: 0
  m_StaticEditorFlags: 0
  m_IsActive: 1
--- !u!4 &1429763177
Transform:
  m_ObjectHideFlags: 0
  m_CorrespondingSourceObject: {fileID: 0}
  m_PrefabInstance: {fileID: 0}
  m_PrefabAsset: {fileID: 0}
  m_GameObject: {fileID: 1429763176}
  m_LocalRotation: {x: -0, y: -0, z: -0, w: 1}
  m_LocalPosition: {x: 0, y: 0, z: 0}
  m_LocalScale: {x: 1, y: 1, z: 1}
  m_Children:
  - {fileID: 1711891595}
  - {fileID: 702712813}
  - {fileID: 1656070078}
  - {fileID: 347287675}
  m_Father: {fileID: 1750611097}
  m_RootOrder: 1
  m_LocalEulerAnglesHint: {x: 0, y: 0, z: 0}
--- !u!1 &1641509574 stripped
GameObject:
  m_CorrespondingSourceObject: {fileID: 1575746048810195199, guid: 377c5dc18f77d2b41af2e6bca62b5461, type: 3}
  m_PrefabInstance: {fileID: 2049799568}
  m_PrefabAsset: {fileID: 0}
--- !u!4 &1641509575 stripped
Transform:
  m_CorrespondingSourceObject: {fileID: 640605539971920311, guid: 377c5dc18f77d2b41af2e6bca62b5461, type: 3}
  m_PrefabInstance: {fileID: 2049799568}
  m_PrefabAsset: {fileID: 0}
--- !u!114 &1641509576
MonoBehaviour:
  m_ObjectHideFlags: 0
  m_CorrespondingSourceObject: {fileID: 0}
  m_PrefabInstance: {fileID: 0}
  m_PrefabAsset: {fileID: 0}
  m_GameObject: {fileID: 1641509574}
  m_Enabled: 0
  m_EditorHideFlags: 0
  m_Script: {fileID: 11500000, guid: 1c0ac6bf5fbfef34da12ef1d12715a54, type: 3}
  m_Name: 
  m_EditorClassIdentifier: 
  movSpeed: 2
  scoreText: {fileID: 0}
--- !u!114 &1641509580
MonoBehaviour:
  m_ObjectHideFlags: 0
  m_CorrespondingSourceObject: {fileID: 0}
  m_PrefabInstance: {fileID: 0}
  m_PrefabAsset: {fileID: 0}
  m_GameObject: {fileID: 1641509574}
  m_Enabled: 1
  m_EditorHideFlags: 0
  m_Script: {fileID: 11500000, guid: d3642ac16192e5141aebc32a9f563b6c, type: 3}
  m_Name: 
  m_EditorClassIdentifier: 
  inputSensitivity: 0.288
  layerMask:
    serializedVersion: 2
    m_Bits: 8
  jumpForce: 1.93
--- !u!212 &1641509581
SpriteRenderer:
  m_ObjectHideFlags: 0
  m_CorrespondingSourceObject: {fileID: 0}
  m_PrefabInstance: {fileID: 0}
  m_PrefabAsset: {fileID: 0}
  m_GameObject: {fileID: 1641509574}
  m_Enabled: 1
  m_CastShadows: 0
  m_ReceiveShadows: 0
  m_DynamicOccludee: 1
  m_MotionVectors: 1
  m_LightProbeUsage: 1
  m_ReflectionProbeUsage: 1
  m_RayTracingMode: 0
  m_RayTraceProcedural: 0
  m_RenderingLayerMask: 1
  m_RendererPriority: 0
  m_Materials:
  - {fileID: 10754, guid: 0000000000000000f000000000000000, type: 0}
  m_StaticBatchInfo:
    firstSubMesh: 0
    subMeshCount: 0
  m_StaticBatchRoot: {fileID: 0}
  m_ProbeAnchor: {fileID: 0}
  m_LightProbeVolumeOverride: {fileID: 0}
  m_ScaleInLightmap: 1
  m_ReceiveGI: 1
  m_PreserveUVs: 0
  m_IgnoreNormalsForChartDetection: 0
  m_ImportantGI: 0
  m_StitchLightmapSeams: 1
  m_SelectedEditorRenderState: 0
  m_MinimumChartSize: 4
  m_AutoUVMaxDistance: 0.5
  m_AutoUVMaxAngle: 89
  m_LightmapParameters: {fileID: 0}
  m_SortingLayerID: 0
  m_SortingLayer: 0
  m_SortingOrder: 0
  m_Sprite: {fileID: 4723107735738678597, guid: c483493eb3ec0f143b5d78ad823ac661, type: 3}
  m_Color: {r: 1, g: 1, b: 1, a: 1}
  m_FlipX: 0
  m_FlipY: 0
  m_DrawMode: 0
  m_Size: {x: 0.73, y: 0.73}
  m_AdaptiveModeThreshold: 0.5
  m_SpriteTileMode: 0
  m_WasSpriteAssigned: 1
  m_MaskInteraction: 0
  m_SpriteSortPoint: 0
--- !u!1001 &1656070077
PrefabInstance:
  m_ObjectHideFlags: 0
  serializedVersion: 2
  m_Modification:
    m_TransformParent: {fileID: 1429763177}
    m_Modifications:
    - target: {fileID: 8059803862485778307, guid: f2db9b20f1c71cc43891bfa6cd0f9b67, type: 3}
      propertyPath: m_Name
      value: StartPlatform (3)
      objectReference: {fileID: 0}
    - target: {fileID: 8059803862485778360, guid: f2db9b20f1c71cc43891bfa6cd0f9b67, type: 3}
      propertyPath: fallTimer
      value: 10
      objectReference: {fileID: 0}
    - target: {fileID: 8059803862485778366, guid: f2db9b20f1c71cc43891bfa6cd0f9b67, type: 3}
      propertyPath: m_RootOrder
      value: 2
      objectReference: {fileID: 0}
    - target: {fileID: 8059803862485778366, guid: f2db9b20f1c71cc43891bfa6cd0f9b67, type: 3}
      propertyPath: m_LocalScale.x
      value: 4.004136
      objectReference: {fileID: 0}
    - target: {fileID: 8059803862485778366, guid: f2db9b20f1c71cc43891bfa6cd0f9b67, type: 3}
      propertyPath: m_LocalScale.y
      value: 1
      objectReference: {fileID: 0}
    - target: {fileID: 8059803862485778366, guid: f2db9b20f1c71cc43891bfa6cd0f9b67, type: 3}
      propertyPath: m_LocalPosition.x
      value: 0.18
      objectReference: {fileID: 0}
    - target: {fileID: 8059803862485778366, guid: f2db9b20f1c71cc43891bfa6cd0f9b67, type: 3}
      propertyPath: m_LocalPosition.y
      value: 7.36
      objectReference: {fileID: 0}
    - target: {fileID: 8059803862485778366, guid: f2db9b20f1c71cc43891bfa6cd0f9b67, type: 3}
      propertyPath: m_LocalPosition.z
      value: 0
      objectReference: {fileID: 0}
    - target: {fileID: 8059803862485778366, guid: f2db9b20f1c71cc43891bfa6cd0f9b67, type: 3}
      propertyPath: m_LocalRotation.w
      value: 1
      objectReference: {fileID: 0}
    - target: {fileID: 8059803862485778366, guid: f2db9b20f1c71cc43891bfa6cd0f9b67, type: 3}
      propertyPath: m_LocalRotation.x
      value: -0
      objectReference: {fileID: 0}
    - target: {fileID: 8059803862485778366, guid: f2db9b20f1c71cc43891bfa6cd0f9b67, type: 3}
      propertyPath: m_LocalRotation.y
      value: -0
      objectReference: {fileID: 0}
    - target: {fileID: 8059803862485778366, guid: f2db9b20f1c71cc43891bfa6cd0f9b67, type: 3}
      propertyPath: m_LocalRotation.z
      value: -0
      objectReference: {fileID: 0}
    - target: {fileID: 8059803862485778366, guid: f2db9b20f1c71cc43891bfa6cd0f9b67, type: 3}
      propertyPath: m_LocalEulerAnglesHint.x
      value: 0
      objectReference: {fileID: 0}
    - target: {fileID: 8059803862485778366, guid: f2db9b20f1c71cc43891bfa6cd0f9b67, type: 3}
      propertyPath: m_LocalEulerAnglesHint.y
      value: 0
      objectReference: {fileID: 0}
    - target: {fileID: 8059803862485778366, guid: f2db9b20f1c71cc43891bfa6cd0f9b67, type: 3}
      propertyPath: m_LocalEulerAnglesHint.z
      value: 0
      objectReference: {fileID: 0}
    m_RemovedComponents: []
  m_SourcePrefab: {fileID: 100100000, guid: f2db9b20f1c71cc43891bfa6cd0f9b67, type: 3}
--- !u!4 &1656070078 stripped
Transform:
  m_CorrespondingSourceObject: {fileID: 8059803862485778366, guid: f2db9b20f1c71cc43891bfa6cd0f9b67, type: 3}
  m_PrefabInstance: {fileID: 1656070077}
  m_PrefabAsset: {fileID: 0}
--- !u!1001 &1711891594
PrefabInstance:
  m_ObjectHideFlags: 0
  serializedVersion: 2
  m_Modification:
    m_TransformParent: {fileID: 1429763177}
    m_Modifications:
    - target: {fileID: 8059803862485778307, guid: f2db9b20f1c71cc43891bfa6cd0f9b67, type: 3}
      propertyPath: m_Name
      value: StartPlatform (1)
      objectReference: {fileID: 0}
    - target: {fileID: 8059803862485778360, guid: f2db9b20f1c71cc43891bfa6cd0f9b67, type: 3}
      propertyPath: fallTimer
      value: 10
      objectReference: {fileID: 0}
    - target: {fileID: 8059803862485778366, guid: f2db9b20f1c71cc43891bfa6cd0f9b67, type: 3}
      propertyPath: m_RootOrder
      value: 0
      objectReference: {fileID: 0}
    - target: {fileID: 8059803862485778366, guid: f2db9b20f1c71cc43891bfa6cd0f9b67, type: 3}
      propertyPath: m_LocalScale.x
      value: 5.1198125
      objectReference: {fileID: 0}
    - target: {fileID: 8059803862485778366, guid: f2db9b20f1c71cc43891bfa6cd0f9b67, type: 3}
      propertyPath: m_LocalScale.y
      value: 1
      objectReference: {fileID: 0}
    - target: {fileID: 8059803862485778366, guid: f2db9b20f1c71cc43891bfa6cd0f9b67, type: 3}
      propertyPath: m_LocalPosition.x
      value: 0.18
      objectReference: {fileID: 0}
    - target: {fileID: 8059803862485778366, guid: f2db9b20f1c71cc43891bfa6cd0f9b67, type: 3}
      propertyPath: m_LocalPosition.y
      value: -2.99
      objectReference: {fileID: 0}
    - target: {fileID: 8059803862485778366, guid: f2db9b20f1c71cc43891bfa6cd0f9b67, type: 3}
      propertyPath: m_LocalPosition.z
      value: 0
      objectReference: {fileID: 0}
    - target: {fileID: 8059803862485778366, guid: f2db9b20f1c71cc43891bfa6cd0f9b67, type: 3}
      propertyPath: m_LocalRotation.w
      value: 1
      objectReference: {fileID: 0}
    - target: {fileID: 8059803862485778366, guid: f2db9b20f1c71cc43891bfa6cd0f9b67, type: 3}
      propertyPath: m_LocalRotation.x
      value: -0
      objectReference: {fileID: 0}
    - target: {fileID: 8059803862485778366, guid: f2db9b20f1c71cc43891bfa6cd0f9b67, type: 3}
      propertyPath: m_LocalRotation.y
      value: -0
      objectReference: {fileID: 0}
    - target: {fileID: 8059803862485778366, guid: f2db9b20f1c71cc43891bfa6cd0f9b67, type: 3}
      propertyPath: m_LocalRotation.z
      value: -0
      objectReference: {fileID: 0}
    - target: {fileID: 8059803862485778366, guid: f2db9b20f1c71cc43891bfa6cd0f9b67, type: 3}
      propertyPath: m_LocalEulerAnglesHint.x
      value: 0
      objectReference: {fileID: 0}
    - target: {fileID: 8059803862485778366, guid: f2db9b20f1c71cc43891bfa6cd0f9b67, type: 3}
      propertyPath: m_LocalEulerAnglesHint.y
      value: 0
      objectReference: {fileID: 0}
    - target: {fileID: 8059803862485778366, guid: f2db9b20f1c71cc43891bfa6cd0f9b67, type: 3}
      propertyPath: m_LocalEulerAnglesHint.z
      value: 0
      objectReference: {fileID: 0}
    m_RemovedComponents: []
  m_SourcePrefab: {fileID: 100100000, guid: f2db9b20f1c71cc43891bfa6cd0f9b67, type: 3}
--- !u!4 &1711891595 stripped
Transform:
  m_CorrespondingSourceObject: {fileID: 8059803862485778366, guid: f2db9b20f1c71cc43891bfa6cd0f9b67, type: 3}
  m_PrefabInstance: {fileID: 1711891594}
  m_PrefabAsset: {fileID: 0}
--- !u!1 &1750611095
GameObject:
  m_ObjectHideFlags: 0
  m_CorrespondingSourceObject: {fileID: 0}
  m_PrefabInstance: {fileID: 0}
  m_PrefabAsset: {fileID: 0}
  serializedVersion: 6
  m_Component:
  - component: {fileID: 1750611097}
  - component: {fileID: 1750611096}
  m_Layer: 0
  m_Name: Level
  m_TagString: Untagged
  m_Icon: {fileID: 0}
  m_NavMeshLayer: 0
  m_StaticEditorFlags: 0
  m_IsActive: 1
--- !u!114 &1750611096
MonoBehaviour:
  m_ObjectHideFlags: 0
  m_CorrespondingSourceObject: {fileID: 0}
  m_PrefabInstance: {fileID: 0}
  m_PrefabAsset: {fileID: 0}
  m_GameObject: {fileID: 1750611095}
  m_Enabled: 1
  m_EditorHideFlags: 0
  m_Script: {fileID: 11500000, guid: 72123951543bc124a96809262ddd700a, type: 3}
  m_Name: 
  m_EditorClassIdentifier: 
  levelRandomizerStart: {fileID: 194155550}
  minDistanceBetweenPlatforms: 2
  maxDistanceBetweenPlatforms: 7
  minPlatformXScale: 2
  maxPlatformXScale: 4
  minPlatformYScale: 0.5
  maxPlatformYScale: 1
  platformsToPlaceAtPlacementTime: 6
  coinSpawnChance: 1
  platformPool: {fileID: 71397615}
  CoinPool: {fileID: 580709020}
  player: {fileID: 1641509574}
--- !u!4 &1750611097
Transform:
  m_ObjectHideFlags: 0
  m_CorrespondingSourceObject: {fileID: 0}
  m_PrefabInstance: {fileID: 0}
  m_PrefabAsset: {fileID: 0}
  m_GameObject: {fileID: 1750611095}
  m_LocalRotation: {x: 0, y: 0, z: 0, w: 1}
  m_LocalPosition: {x: 0, y: 0, z: 0}
  m_LocalScale: {x: 1, y: 1, z: 1}
  m_Children:
  - {fileID: 1641509575}
  - {fileID: 1429763177}
  - {fileID: 194155550}
  - {fileID: 1005290849}
  m_Father: {fileID: 0}
  m_RootOrder: 4
  m_LocalEulerAnglesHint: {x: 0, y: 0, z: 0}
--- !u!1 &1796912335
GameObject:
  m_ObjectHideFlags: 0
  m_CorrespondingSourceObject: {fileID: 0}
  m_PrefabInstance: {fileID: 0}
  m_PrefabAsset: {fileID: 0}
  serializedVersion: 6
  m_Component:
  - component: {fileID: 1796912339}
  - component: {fileID: 1796912336}
  - component: {fileID: 1796912338}
  - component: {fileID: 1796912337}
  m_Layer: 0
  m_Name: Main Camera
  m_TagString: MainCamera
  m_Icon: {fileID: 0}
  m_NavMeshLayer: 0
  m_StaticEditorFlags: 0
  m_IsActive: 1
--- !u!20 &1796912336
Camera:
  m_ObjectHideFlags: 0
  m_CorrespondingSourceObject: {fileID: 0}
  m_PrefabInstance: {fileID: 0}
  m_PrefabAsset: {fileID: 0}
  m_GameObject: {fileID: 1796912335}
  m_Enabled: 1
  serializedVersion: 2
  m_ClearFlags: 2
  m_BackGroundColor: {r: 0.19215687, g: 0.3019608, b: 0.4745098, a: 0}
  m_projectionMatrixMode: 1
  m_GateFitMode: 2
  m_FOVAxisMode: 0
  m_SensorSize: {x: 36, y: 24}
  m_LensShift: {x: 0, y: 0}
  m_FocalLength: 50
  m_NormalizedViewPortRect:
    serializedVersion: 2
    x: 0
    y: 0
    width: 1
    height: 1
  near clip plane: 0.3
  far clip plane: 1000
  field of view: 60
  orthographic: 1
  orthographic size: 10
  m_Depth: -1
  m_CullingMask:
    serializedVersion: 2
    m_Bits: 4294967295
  m_RenderingPath: -1
  m_TargetTexture: {fileID: 0}
  m_TargetDisplay: 0
  m_TargetEye: 3
  m_HDR: 1
  m_AllowMSAA: 1
  m_AllowDynamicResolution: 0
  m_ForceIntoRT: 0
  m_OcclusionCulling: 1
  m_StereoConvergence: 10
  m_StereoSeparation: 0.022
--- !u!114 &1796912337
MonoBehaviour:
  m_ObjectHideFlags: 0
  m_CorrespondingSourceObject: {fileID: 0}
  m_PrefabInstance: {fileID: 0}
  m_PrefabAsset: {fileID: 0}
  m_GameObject: {fileID: 1796912335}
  m_Enabled: 1
  m_EditorHideFlags: 0
  m_Script: {fileID: 11500000, guid: 3675db3f3d9e36643bbca3c6816a07ca, type: 3}
  m_Name: 
  m_EditorClassIdentifier: 
  backgroundImage: {fileID: 1005290850}
  CameraCenterToPlayerDifference: 5.6
--- !u!81 &1796912338
AudioListener:
  m_ObjectHideFlags: 0
  m_CorrespondingSourceObject: {fileID: 0}
  m_PrefabInstance: {fileID: 0}
  m_PrefabAsset: {fileID: 0}
  m_GameObject: {fileID: 1796912335}
  m_Enabled: 1
--- !u!4 &1796912339
Transform:
  m_ObjectHideFlags: 0
  m_CorrespondingSourceObject: {fileID: 0}
  m_PrefabInstance: {fileID: 0}
  m_PrefabAsset: {fileID: 0}
  m_GameObject: {fileID: 1796912335}
  m_LocalRotation: {x: 0, y: 0, z: 0, w: 1}
  m_LocalPosition: {x: 0, y: -0.05, z: -10}
  m_LocalScale: {x: 1, y: 1, z: 1}
  m_Children: []
  m_Father: {fileID: 0}
  m_RootOrder: 0
  m_LocalEulerAnglesHint: {x: 0, y: 0, z: 0}
--- !u!1001 &2049799568
PrefabInstance:
  m_ObjectHideFlags: 0
  serializedVersion: 2
  m_Modification:
    m_TransformParent: {fileID: 1750611097}
    m_Modifications:
    - target: {fileID: 640605539971920311, guid: 377c5dc18f77d2b41af2e6bca62b5461, type: 3}
      propertyPath: m_RootOrder
      value: 0
      objectReference: {fileID: 0}
    - target: {fileID: 640605539971920311, guid: 377c5dc18f77d2b41af2e6bca62b5461, type: 3}
      propertyPath: m_LocalPosition.x
      value: 0
      objectReference: {fileID: 0}
    - target: {fileID: 640605539971920311, guid: 377c5dc18f77d2b41af2e6bca62b5461, type: 3}
      propertyPath: m_LocalPosition.y
      value: -7.91
      objectReference: {fileID: 0}
    - target: {fileID: 640605539971920311, guid: 377c5dc18f77d2b41af2e6bca62b5461, type: 3}
      propertyPath: m_LocalPosition.z
      value: 0
      objectReference: {fileID: 0}
    - target: {fileID: 640605539971920311, guid: 377c5dc18f77d2b41af2e6bca62b5461, type: 3}
      propertyPath: m_LocalRotation.w
      value: 1
      objectReference: {fileID: 0}
    - target: {fileID: 640605539971920311, guid: 377c5dc18f77d2b41af2e6bca62b5461, type: 3}
      propertyPath: m_LocalRotation.x
      value: -0
      objectReference: {fileID: 0}
    - target: {fileID: 640605539971920311, guid: 377c5dc18f77d2b41af2e6bca62b5461, type: 3}
      propertyPath: m_LocalRotation.y
      value: -0
      objectReference: {fileID: 0}
    - target: {fileID: 640605539971920311, guid: 377c5dc18f77d2b41af2e6bca62b5461, type: 3}
      propertyPath: m_LocalRotation.z
      value: -0
      objectReference: {fileID: 0}
    - target: {fileID: 640605539971920311, guid: 377c5dc18f77d2b41af2e6bca62b5461, type: 3}
      propertyPath: m_LocalEulerAnglesHint.x
      value: 0
      objectReference: {fileID: 0}
    - target: {fileID: 640605539971920311, guid: 377c5dc18f77d2b41af2e6bca62b5461, type: 3}
      propertyPath: m_LocalEulerAnglesHint.y
      value: 0
      objectReference: {fileID: 0}
    - target: {fileID: 640605539971920311, guid: 377c5dc18f77d2b41af2e6bca62b5461, type: 3}
      propertyPath: m_LocalEulerAnglesHint.z
      value: 0
      objectReference: {fileID: 0}
    - target: {fileID: 655349575147757728, guid: 377c5dc18f77d2b41af2e6bca62b5461, type: 3}
      propertyPath: m_Enabled
      value: 1
      objectReference: {fileID: 0}
    - target: {fileID: 655349575147757728, guid: 377c5dc18f77d2b41af2e6bca62b5461, type: 3}
      propertyPath: m_Controller
      value: 
      objectReference: {fileID: 9100000, guid: eb85c42a41bf72d4e978d1bf6fa97c40, type: 2}
    - target: {fileID: 1575746048810195199, guid: 377c5dc18f77d2b41af2e6bca62b5461, type: 3}
      propertyPath: m_Name
      value: Player
      objectReference: {fileID: 0}
    - target: {fileID: 1575746048810195199, guid: 377c5dc18f77d2b41af2e6bca62b5461, type: 3}
      propertyPath: m_IsActive
      value: 1
      objectReference: {fileID: 0}
    - target: {fileID: 1769119426866384674, guid: 377c5dc18f77d2b41af2e6bca62b5461, type: 3}
      propertyPath: m_IsActive
      value: 0
      objectReference: {fileID: 0}
    - target: {fileID: 1910612220294976890, guid: 377c5dc18f77d2b41af2e6bca62b5461, type: 3}
      propertyPath: m_SortingOrder
      value: 9
      objectReference: {fileID: 0}
    - target: {fileID: 4273393128305259961, guid: 377c5dc18f77d2b41af2e6bca62b5461, type: 3}
      propertyPath: m_IsActive
      value: 0
      objectReference: {fileID: 0}
    - target: {fileID: 4291345761434415568, guid: 377c5dc18f77d2b41af2e6bca62b5461, type: 3}
      propertyPath: m_IsActive
      value: 0
      objectReference: {fileID: 0}
    - target: {fileID: 4991843378906503823, guid: 377c5dc18f77d2b41af2e6bca62b5461, type: 3}
      propertyPath: m_IsActive
      value: 0
      objectReference: {fileID: 0}
    - target: {fileID: 5960775185927074106, guid: 377c5dc18f77d2b41af2e6bca62b5461, type: 3}
      propertyPath: m_IsActive
      value: 0
      objectReference: {fileID: 0}
    - target: {fileID: 6691861187676089582, guid: 377c5dc18f77d2b41af2e6bca62b5461, type: 3}
      propertyPath: m_IsActive
      value: 0
      objectReference: {fileID: 0}
    - target: {fileID: 6970610905996371289, guid: 377c5dc18f77d2b41af2e6bca62b5461, type: 3}
      propertyPath: m_IsActive
      value: 0
      objectReference: {fileID: 0}
    - target: {fileID: 7330081141146443262, guid: 377c5dc18f77d2b41af2e6bca62b5461, type: 3}
      propertyPath: m_IsActive
      value: 0
      objectReference: {fileID: 0}
    - target: {fileID: 8589840540063105864, guid: 377c5dc18f77d2b41af2e6bca62b5461, type: 3}
      propertyPath: m_IsActive
      value: 0
      objectReference: {fileID: 0}
    m_RemovedComponents: []
  m_SourcePrefab: {fileID: 100100000, guid: 377c5dc18f77d2b41af2e6bca62b5461, type: 3}
